@article{Rubin2015,
Author={Rubin, G. D.},
Journal={J Thorac Imaging},
Title={Lung nodule and cancer detection in CT screening},
Pages={130-138},
Volume={30},
Number={2},
Year={2015}}
@article{Mizuno2009,
Author={Mizuno, S. and Takiguchi, Y. and Fujikawa A. and et al. },
Journal={Respirology},
Title={Chronic obstructive pulmonary disease and interstitial lung disease in patients with lung cancer.},
Pages={377-383},
Volume={14},
Number={},
Year={2009}}
@article{Kubo2016,
Author={Kubo, T. and Ohno, Y. and Takenaka, D. and Kishino, M. and Gautam, S. and Sugimura, K. and Kauczor, H. U. and Hatabu, H. and iLEAD study group},
Journal={Clinical Therapeutics},
Title={Standard-dose vs. low-dose CT protocols in the evaluation of localized lung lesions: capability for lesion characterization -- iLEAD study},
Pages={67-73},
Volume={3},
Number={},
Year={2016}}
@article{Fabrikant2018,
Author={Fabrikant, M. S. and Wisnivesky, J. P. and Marron, T. and Taioli, E. and Veluswarmy, R. R.},
Journal={Clinical Therapeutics},
Title={Benefits and challenges of lung cancer screening in older adults},
Pages={526-534},
Volume={40},
Number={4},
Year={2018}}
@article{Chudgar2015,
Author={Chudgar, N. P. and Bucciarelli, P. R. and Jeffries, E. M. and Rizk, N. P. and Park, B. J. and Adusumilli, P. S. and Jones, D. R.},
Journal={Thorac Surg Clin},
Title={Results of the national lung cancer screening trail: where are we now?},
Pages={145-153},
Volume={25},
Number={2},
Year={2015}}
@article{Team2011,
Author={Aberle, D. R. and Adams, A. M. and Berg, C. D. and et al.},
Journal={New England Journal of Medicine},
Title={Reduced lung-cancer mortality with low-dose computed tomographic screening},
Pages={395-409},
Volume={365},
Number={5},
Year={2011}}
@article{Chian2016,
Author={Chian, C. F. and Hwang, Y. T. and Terng, H. J. and Lee, S. C. and Chao, T. Y. and Chang, H. and Ho, C. L. and Wu, Y. Y. and Perng, W. C.},
Journal={Oncotarget},
Title={Panels of tumor-derived RNA markers in peripheral blood of patients with non-small cell lung cancer: their dependence on age, gender and clinical stage},
Pages={50582-50595},
Volume={7},
Number={31},
Year={2016}}

@article{Putila2011,
Author={Putila, J.and Remick, S. C. and Guo, N. L.},
Journal={PLoS One},
Title={Combining clinical,
pathological, and demographic factors refines prognosis
of lung cancer: a population-based study},
Pages={e17493},
Volume={6},
Number={ },
Year={2011}}
@article{Wang2013,
Author={Wang, B. Y. and Huang, J. Y. and Cheng, C. Y. and Lin, C. H. and Ko, J. and Liaw,
Y. P.},
Journal={J Thorac Oncol.},
Title={Lung cancer and prognosis in Taiwan: a population based
cancer registry},
Pages={1128-1135},
Volume={7},
Number={ },
Year={2013}}
@article{Veerakumar2016,
Author={Veerakumar, K. and Ravichandran, C. G.},
Journal={International Journal of Applied Engineering Research},
Title={Feature Extraction Based Lung Nodule Detection in CT Images},
Pages={2697-2700},
Volume={11},
Number={4},
Year={2016}}
@article{Fox2016BreastMC,
  title={Breast Mass Classification from Mammograms using Deep Convolutional Neural Networks},
  author={Fox, C. and Jain, A.},
  journal={ArXiv},
  year={2016},
  volume={abs/1612.00542}
}
@article{Rendon-Gonzalez2016,
  title={Automatic Lung nodule segmentation and classification in CT images based on SVM},
  author={Rendon-Gonzalez, E. and Ponomaryov, V. I.},
  journal={2016 9th International Kharkiv Symposium on Physics and Engineering of Microwaves, Millimeter and Submillimeter Waves (MSMW)},
  year={2016},
  pages={1-4}
}
@article{Farahani2015LungND,
  title={Lung nodule diagnosis from CT images based on ensemble learning},
  author={Farahani, F. V. and Ahmadi, A. and Zarandi, M. H. F.},
  journal={2015 IEEE Conference on Computational Intelligence in Bioinformatics and Computational Biology (CIBCB)},
  year={2015},
  pages={1-7}
}
@inproceedings{Shaima2016,
  author= {Shaima, I. J. and Day, C. R. and Heinz, N. and Chadwick, E. K.},
  title =   {Using Convolutional Neural Network for Edge Detection in Musculoskeletal Ultrasound Images},
  booktitle ={Proceedings of 2016 International Joint Conference on Neural Networks},
  publisher =    {IEEE},
  venue =        {Vancouver, BC, Canada},
  month =       {July},
  year =         {2016},
  isbn =         {2161-4407}
}
@inproceedings{Hijazi2015UsingCN,
  title={Using Convolutional Neural Networks for Image Recognition},
  booktitle={Using Convolutional Neural Networks for Image Recognition},
  author={Samer L. Hijazi and R. Rakesh Kumar and Chris Rowen},
  year={2015}
}
@misc{Chen2019,
  author = {Chen, H.},
  title = {DICOM Processing and Segmentation in Python},
  year = 2019,
  howpublished={\url{https://www.raddq.com/dicom-processing-segmentation-visualization-in-python}},
  urldate = {2019-01-5}
}
@misc{chollet2015keras,
  title={Keras},
  author={Chollet, F. and others},
  year={2015},
  howpublished={\url{https://keras.io}}
}
@article{Oshea2015,
  title={An Introduction to Convolutional Neural Networks},
  author={O'Shea, K and Nash, R.},
  journal={ArXiv},
  year={2015},
  volume={abs/1511.08458}
}

@misc{TensorFlow,
	title={TensorFlow},
	url = {https://www.tensorflow.org/},
    urldate = {2019-08-23}
    }
@misc{TensorFlowA,
	title={TensorFlow Architecture},
	url = {https://www.tensorflow.org/extend/architecture},
    urldate = {2019-08-23}
    }
@misc{TCIA,
	title={The Cancer Imaging Archive (TCIA) Public Access},
	url = {https://wiki.cancerimagingarchive.net/display/Public/LIDC-IDRI#ff5363a0c40645ac8e53aee97ff09271},
    urldate = {2019-08-23}
    }
   @article{Clark2013,
  title={The Cancer Imaging Archive (TCIA): Maintaining and Operating a Public Information Repository},
  author={Clark, K. and Vendt, B. and Smith, K. and Freymann, J. and Kirby, J. and Koppel, P. and Moore, S. and Phillips, S. and Maffitt, D. and Pringle, M. and Tarbox, L. and Prior, F.},
  journal={Journal of Digital Imaging},
  year={2013},
  pages={1045-1057},
  volume={26},
  number={6}
}
@mastersthesis{Heeneman2018,
  Author={Heeneman, T.},
  title        = {Lung nodule detection by using deep learning},
  school       = {Vrije University Amsterdam},
  year         = {2018},
  address      = {Amsterdam},
  month        = {January},
  note         = {}
}
@mastersthesis{Chen2018,
  Author={陳祥輝},
  title        = {用卷積神經網路辨識CT影像內肺部結核之研究},
  school       = {國  立  臺  北  大  學},
  year         = {2018},
  address      = {新北市},
  month        = { 7 月},
  note         = {}
}
